@MISC {MO90666,
    TITLE = {The Rabinowitz Trick},
    AUTHOR = {Martin Brandenburg (https://mathoverflow.net/users/2841/martin-brandenburg)},
    HOWPUBLISHED = {MathOverflow},
    NOTE = {URL:https://mathoverflow.net/q/90666 (version: 2012-03-09)},
    EPRINT = {https://mathoverflow.net/q/90666},
    URL = {https://mathoverflow.net/q/90666},
    LABEL = {MO}
}

@MISC {MS2644102,
    TITLE = {Proof of Maschkeâ€™s theorem: Why is $\hat{p}$ again a projection?},
    AUTHOR = {Jendrik Stelzner (https://math.stackexchange.com/users/300783/jendrik-stelzner)},
    HOWPUBLISHED = {Mathematics Stack Exchange},
    NOTE = {URL:https://math.stackexchange.com/q/2644102 (version: 2018-06-25)},
    EPRINT = {https://math.stackexchange.com/q/2644102},
    URL = {https://math.stackexchange.com/q/2644102},
    LABEL = {MS}
}
